                  
@inproceedings{AntoyHanus09PPDP,
  author =        {Antoy, S. and Hanus, M.},
  booktitle =     {Proceedings of the 11th ACM SIGPLAN International
                   Conference on Principles and Practice of Declarative
                   Programming (PPDP'09)},
  pages =         {73-82},
  publisher =     {ACM Press},
  title =         {Set Functions for Functional Logic Programming},
  year =          {2009},
  doi =           {http://doi.acm.org/10.1145/1599410.1599420},
}

@inproceedings{AntoyHanus02FLOPS
    ,author={S. Antoy and M. Hanus}
    ,title={Functional Logic Design Patterns}
    ,year={2002}
    ,month={9}
    ,address={Aizu, Japan}
    ,publisher={Springer LNCS 2441}
    ,booktitle={6th Int'l Symp, on Functional and Logic Programming (FLOPS'02)}
    ,pages={67-87}
}
@inproceedings{AntoyHanus11WFLP
    ,author={S. Antoy and M. Hanus}
    ,title={New Functional Logic Design Patterns}
    ,year={2011}
    ,month={7}
    ,address={Odense, Denmark}
    ,publisher={Springer LNCS 6816}
    ,booktitle={20th International Workshop on Functional and (constraint) Logic Programming (WFLP 2011)}
    ,pages={19-34}
}

@BOOK{Cooper00,
author       = "Cooper, J. W.",
title        = "Java Design Patterns",
year         = "2000",
publisher    = "Addison Wesley" }

@BOOK{Langr00,
author       = "Langr, J.",
title        = "Essential Java Style: Patterns for Implementation",
year         = "2000",
publisher    = "Prentice Hall" }

@BOOK{Grand98,
author       = "Grand, M.",
title        = "Patterns in Java",
year         = "1998",
publisher    = "J. Wiley" }

@BOOK{GammaEtAl94,
author       = "E. Gamma and R. Helm and R. Johnson and J. Vlissides",
title        = "Design Patterns: Elements of Reusable Object-Oriented Software",
year         = "1994",
publisher    = "Addison Wesley" }

@INPROCEEDINGS{CaballeroLopezFraguas99,
author       = "R. Caballero and F. L{\'o}pez-Fraguas",
title        = "A Functional-Logic Perspective of Parsing",
year         = "1999",
booktitle    = "Proc. of the 4th Fuji Int'l Symposium on Functional and Logic Programming",
address      = "Tsukuba, Japan",
publisher    = "Springer LNCS 1722",
pages        = "85-99" }


@INPROCEEDINGS{BeckCunningham87,
author       = "Beck, K. and Cunningham, W.",
title        = "Using Pattern Languages for Object-Oriented Programs",
year         = "1987",
booktitle    = "Specification and Design for Object-Oriented Programming (OOPSLA-87)" }

@ARTICLE{AntoyEchahedHanus00JACM,
author       = "Antoy, S. and Echahed, R. and Hanus, M.",
title        = "A Needed Narrowing Strategy",
year         = "2000",
journal      = "Journal of the ACM",
number       = "4",
pages        = "776-822",
volume       = "47" }

@INPROCEEDINGS{AntoyHanusMasseySteiner01PPDP,
author       = "Antoy, S. and Hanus, M. and Massey, B. and Steiner, F.",
title        = "An Implementation of Narrowing Strategies",
year         = "2001",
booktitle    = "Proc.\ of the 3rd International ACM SIGPLAN Conference on Principles and Practice of Declarative Programming (PPDP 2001)",
pages        = "207-217",
publisher    = "ACM Press" }

@INPROCEEDINGS{ClaessenVullinghsMeijer97ICFP,
author       = "Claessen, K. and Vullinghs, T. and Meijer, E.",
title        = "Structuring graphical paradigms in {TkGofer}",
year         = "1997",
pages        = "251-262",
publisher    = "ACM SIGPLAN Notices Vol.~32, No.~8",
booktitle    = "Proc. of the International Conference on Functional Programming (ICFP'97)" }

@INPROCEEDINGS{Erwig97ICFP,
author       = "Erwig, M.",
title        = "Functional Programming with Graphs",
year         = "1997",
booktitle    = "2nd ACM SIGPLAN Int. Conf. on Functional Programming (ICFP'97)",
pages        = "52-65" }

@ARTICLE{Hanus94JLP,
author       = "Hanus, M.",
title        = "The Integration of Functions into Logic Programming: From Theory to Practice",
year         = "1994",
pages        = "583-628",
volume       = "19\&20",
journal      = "Journal of Logic Programming" }

@INPROCEEDINGS{Hanus97DPLE,
author       = "Hanus, M.",
title        = "Teaching Functional and Logic Programming with a Single Computation Model",
year         = "1997",
pages        = "335-350",
publisher    = "Springer LNCS 1292",
booktitle    = "Proc.\ Ninth International Symposium on Programming Languages, Implementations, Logics, and Programs (PLILP'97)" }

@INPROCEEDINGS{Hanus97POPL,
author       = "Hanus, M.",
title        = "A Unified Computation Model for Functional and Logic Programming",
year         = "1997",
booktitle    = "Proc.\ of the 24th ACM Symposium on Principles of Programming Languages (Paris)",
pages        = "80-93" }

@INPROCEEDINGS{Hanus99PPDP,
author       = "Hanus, M.",
title        = "Distributed Programming in a Multi-Paradigm Declarative Language",
year         = "1999",
pages        = "376-395",
publisher    = "Springer LNCS 1702",
booktitle    = "Proc.\ of the International Conference on Principles and Practice of Declarative Programming (PPDP'99)" }

@INPROCEEDINGS{Hanus00PADL,
author       = "Hanus, M.",
title        = "A Functional Logic Programming Approach to Graphical User Interfaces",
year         = "2000",
pages        = "47-62",
publisher    = "Springer LNCS 1753",
booktitle    = "International Workshop on Practical Aspects of Declarative Languages (PADL'00)" }

@INPROCEEDINGS{Hanus01PADL,
author       = "Hanus, M.",
title        = "High-Level Server Side Web Scripting in {Curry}",
year         = "2001",
publisher    = "Springer LNCS 1990",
pages        = "76-92",
booktitle    = "Proc.\ of the Third International Symposium on Practical Aspects of Declarative Languages (PADL'01)" }

@MISC{Hanus12Curry,
author       = {Hanus (ed.), M.},
title        = {Curry: An Integrated Functional Logic Language (Vers.\ 0.8.3)},
year         = {2012},
howpublished = {Available at \url{http://www.curry-language.org}} }


@MISC{Hanus16PAKCS,
author       = {Hanus, M. and Antoy, S. and Bra{\ss}el, B. and Engelke, M. and H
{\"o}ppner, K. and Koj, J. and Niederau, P. and Sadre, R. and Steiner, F.},
title        = {{PAKCS}: The {P}ortland {A}achen {K}iel {C}urry {S}ystem},
year         = {2016},
howpublished = {Available at \url{http://www.informatik.uni-kiel.de/~pakcs/}} }


@INPROCEEDINGS{Hanus07ICLP,
author       = {Hanus, M.},
title        = {Multi-paradigm Declarative Languages},
year         = {2007},
booktitle    = {Proceedings of the International Conference on Logic Programming (ICLP 2007)},
pages        = {45-75},
publisher    = {Springer LNCS 4670} }

@INPROCEEDINGS{Hanus04WFLP,
author       = {Hanus, M.},
title        = {Dynamic Predicates in Functional Logic Programs},
year         = {2004},
address      = {Aachen (Germany)},
booktitle    = {Proc. 13th International Workshop on Functional and (Constraint) Logic Programming (WFLP 2004)},
pages        = {62-73},
publisher    = {Technical Report AIB-2004-05, RWTH Aachen} }

@ARTICLE{Hanus04JFLP,
author       = {Hanus, M.},
title        = {Dynamic Predicates in Functional Logic Programs},
year         = {2004},
journal      = {Journal of Functional and Logic Programming},
number       = {5},
publisher    = {EAPLS},
volume       = {2004} }

@ARTICLE{HanusSadre99JFLP,
author       = "Hanus, M. and Sadre, R.",
title        = "An Abstract Machine for {Curry} and its Concurrent Implementation in {Java}",
year         = "1999",
volume       = "1999",
publisher    = "MIT Press",
number       = "6",
journal      = "Journal of Functional and Logic Programming" }

@INPROCEEDINGS{HanusSteiner98PLILP,
author       = "Hanus, M. and Steiner, F.",
title        = "Controlling Search in Declarative Programs",
year         = "1998",
pages        = "374-390",
publisher    = "Springer LNCS 1490",
booktitle    = "Principles of Declarative Programming (Proc. Joint International Symposium PLILP/ALP'98)" }

@BOOK{HorowitzSahni78,
author       = "Horowitz, E. and Sahni, S.",
title        = "Fundamentals of Computer Algorithms",
year         = "1978",
publisher    = "Computer Science Press" }

@ARTICLE{Meijer00JFP,
author       = "Meijer, E.",
title        = "Server Side Web Scripting in {Haskell}",
year         = "2000",
pages        = "1-18",
number       = "1",
volume       = "10",
journal      = "Journal of Functional Programming" }

@BOOK{PeytonJones03Haskell,
title        = {Haskell 98 Language and Libraries---The Revised Report},
year         = {2003},
editor       = {Peyton Jones, S.},
publisher    = {Cambridge University Press} }

@UNPUBLISHED{PeytonJonesHughes99,
author       = "Peyton Jones, S.L. and Hughes, J.",
title        = "Haskell 98: A Non-strict, Purely Functional Language",
year         = "1999",
note         = "\url{http://www.haskell.org}" }

@BOOK{Saraswat93,
author       = "Saraswat, V.A.",
title        = "Concurrent Constraint Programming",
year         = "1993",
publisher    = "MIT Press" }

@INPROCEEDINGS{SchulteSmolka94,
author       = "Schulte, C. and Smolka, G.",
title        = "Encapsulated Search for Higher-Order Concurrent Constraint Programming",
year         = "1994",
pages        = "505-520",
publisher    = "MIT Press",
booktitle    = "Proc. of the 1994 International Logic Programming Symposium" }

@ARTICLE{Wadler97,
author       = "Wadler, P.",
title        = "How to Declare an Imperative",
year         = "1997",
pages        = "240-263",
number       = "3",
volume       = "29",
journal      = "ACM Computing Surveys" }

@inproceedings{Antoy97ALP
    ,author={S. Antoy}
    ,title={Optimal Non-Deterministic Functional Logic Computations}
    ,year={1997}
    ,xxxmonth={9}
    ,xxxaddress={Southampton, UK}
    ,pages={16-30}
    ,publisher={Springer LNCS}
    ,volume={1298}
    ,booktitle={6th Int'l Conf. on Algebraic and Logic Programming (ALP'97)}
}

@inproceedings{Antoy92ALP
    ,author={S. Antoy}
    ,title={Definitional Trees}
    ,year={1992}
    ,xxxaddress={Volterra, Italy}
    ,pages={143--157}
    ,publisher={Springer LNCS 632}
    ,booktitle={Proc. of the 4th Intl. Conf.
                on Algebraic and Logic Programming}
}
